@article{rudin,
	author = "Walter Rudin",
	title = "Boundary values of continous analytic functions",
	journal = "Proc. Amer. Math. Soc.",
	year = 1956,
	volume = 7,
	pages = "808--811"
}
@article{carleson,
	author = "Lennart Carleson",
	title = "Representation of continous functions",
	journal = "Math. Z.",
	year = 1957,
	volume = 66,
	pages = "447--451"
}
@article{bishop,
	author = "Errett Bishop",
	title = "A general {R}udin-{C}arleson theorem",
	journal = "Proc. Amer. Math. Soc.",
	year = 1962,
	volume = "13",
	pages = "140--143"
}
@book{rudin2,
	author = "Walter Rudin",
	title = "Real and Complex Analysis",
	publisher = "McGraw-Hill Book Company",
	year = 1987,
	edition = "3rd"
}
@book{whyburn,
	author = "Gordon Thomas Whyburn",
	title = "Topological Analysis",
	publisher = "Princeton University Press",
	year = 1958
}
@book{greenkrantz,
	author = "Robert Everist Greene and Steven George Krantz",
	title = "Function Theory of One Complex Variable",
	publisher = "Princeton University Press",
	year = 2006,
	edition = "3rd"
}
@book{pryce,
	author = "John D. Pryce",
	title = "Functional Analysis",
	publisher = "Hutchinson and Co",
	year = 1973
}
